<record xmlns="http://www.loc.gov/MARC21/slim" xmlns:xsi="http://www.w3.org/2001/XMLSchema-instance" xsi:schemaLocation="http://www.loc.gov/MARC21/slim http://www.loc.gov/standards/marcxml/schema/MARC21slim.xsd">

  <leader>00754nam a22001697a 4500</leader>
  <datafield ind1=" " ind2=" " tag="999">
    <subfield code="c">3413</subfield>
    <subfield code="d">3413</subfield>
  </datafield>
  <controlfield tag="008">170322b2016    cr ||||| |||| 00| | spa d</controlfield>
  <datafield tag="090" ind2=" " ind1=" ">
    <subfield code="a">06.04.09</subfield>
    <subfield code="b">2409</subfield>
  </datafield>
  <datafield ind1="1" ind2=" " tag="100">
    <subfield code="9">155</subfield>
    <subfield code="a">Murillo Aguilar, Osvaldo </subfield>
  </datafield>
  <datafield tag="245" ind2="0" ind1="1">
    <subfield code="a">Desarrollo de los procesos de intervención grupal por parte de los y las profesionales en Orientación, en cuatro centros educativos, ubicados en las Regiones Educativas Central, Suroeste y Norte de San José /</subfield>
    <subfield code="c">Osvaldo Murillo Aguilar</subfield>
  </datafield>
  <datafield tag="260" ind1=" " ind2=" ">
    <subfield code="a">[San José, Costa Rica] :</subfield>
    <subfield code="b">INIE,</subfield>
    <subfield code="c">2016</subfield>
  </datafield>
  <datafield tag="300" ind1=" " ind2=" ">
    <subfield code="a">127 páginas + 19 páginas (sin numerar)</subfield>
  </datafield>
  <datafield ind1=" " ind2=" " tag="500">
    <subfield code="a">Informe final Proyecto de Investigación No.724-B5-310</subfield>
  </datafield>
  <datafield tag="650" ind1="1" ind2="4">
    <subfield code="9">1483</subfield>
    <subfield code="a">ORIENTACIÓN PEDAGÓGICA</subfield>
  </datafield>
  <datafield tag="650" ind2="4" ind1="1">
    <subfield code="9">1002</subfield>
    <subfield code="a">GRUPOS</subfield>
  </datafield>
  <datafield tag="650" ind1="1" ind2="4">
    <subfield code="9">2208</subfield>
    <subfield code="a">ASESORAMIENTO</subfield>
  </datafield>
  <datafield ind2=" " ind1=" " tag="942">
    <subfield code="2">z</subfield>
    <subfield code="c">04</subfield>
  </datafield>
</record>